<record><leader>00000cas a22000007a 4500</leader><controlfield tag="001">16866747</controlfield><controlfield tag="008">871019d1883188unyucr ne      0    0eng d</controlfield><datafield ind1=" " ind2=" " tag="010"><subfield code="a">sn 87070286 </subfield></datafield><datafield ind1=" " ind2=" " tag="040"><subfield code="a">NYS</subfield><subfield code="b">eng</subfield><subfield code="c">NYS</subfield><subfield code="d">NYG</subfield><subfield code="d">NYS</subfield><subfield code="d">OCL</subfield><subfield code="d">OCLCQ</subfield></datafield><datafield ind1=" " ind2=" " tag="042"><subfield code="a">msc</subfield></datafield><datafield ind1="0" ind2=" " tag="130"><subfield code="a">Semi-weekly sentinel (Granville, N.Y.)</subfield></datafield><datafield ind1="1" ind2="4" tag="245"><subfield code="a">The Semi-weekly sentinel.</subfield></datafield><datafield ind1=" " ind2=" " tag="260"><subfield code="a">Granville, N.Y. :</subfield><subfield code="b">G.A. Weller</subfield></datafield><datafield ind1=" " ind2=" " tag="300"><subfield code="a">v.</subfield></datafield><datafield ind1=" " ind2=" " tag="310"><subfield code="a">Semiweekly</subfield></datafield><datafield ind1="0" ind2=" " tag="362"><subfield code="a">Vol. 1, no. 24 (Sept. 21, 1883)-</subfield></datafield><datafield ind1=" " ind2="4" tag="651"><subfield code="a">Granville (N.Y.)</subfield><subfield code="v">Newspapers.</subfield></datafield><datafield ind1=" " ind2=" " tag="752"><subfield code="a">United States</subfield><subfield code="b">New York</subfield><subfield code="c">Washington</subfield><subfield code="d">Granville.</subfield></datafield><datafield ind1="0" ind2=" " tag="775"><subfield code="t">Granville daily sentinel</subfield><subfield code="w">(DLC)sn 84035774</subfield></datafield><datafield ind1="0" ind2="0" tag="780"><subfield code="t">Granville sentinel (Granville, N.Y. : 1875)</subfield><subfield code="w">(DLC)sn 84031470</subfield></datafield><datafield ind1="0" ind2="0" tag="785"><subfield code="t">Granville sentinel (Granville, N.Y. : 1885)</subfield><subfield code="w">(DLC)sn 88074490</subfield><subfield code="w">(OCoLC)18045905</subfield></datafield><datafield ind1="1" ind2=" " tag="029"><subfield code="a">AU@</subfield><subfield code="b">000025795588</subfield></datafield></record>